@article{Newton1687,
  author={I. {Newton}},
  journal={Philosophi√¶ Naturalis Principia Mathematica},
  title={Axioms or Laws of Motion},
  year={1687}}

@misc{SpaceXBlueprint,
  title={Space X Blueprint},
  year=2021,
  url={https://id.pinterest.com/pin/344032859037191430/},
  urldate={2021-01-26}}
